@manual{ SampleBook,
	AUTHOR    = "M. Nobody",
	TITLE     = {A Sample Book},
	BOOKTITLE = "Sample",
	YEAR = "2000"
}
